<record><leader>00000cas a22000007a 4500</leader><controlfield tag="001">20344517</controlfield><controlfield tag="008">890914d19261986mouwr ne      0    0eng d</controlfield><datafield ind1=" " ind2=" " tag="010"><subfield code="a">sn 89066993 </subfield></datafield><datafield ind1=" " ind2=" " tag="040"><subfield code="a">MQN</subfield><subfield code="b">eng</subfield><subfield code="c">MQN</subfield><subfield code="d">OCLCQ</subfield></datafield><datafield ind1=" " ind2=" " tag="042"><subfield code="a">msc</subfield></datafield><datafield ind1="0" ind2=" " tag="130"><subfield code="a">Lead belt news (Flat River, Mo. : 1926)</subfield></datafield><datafield ind1="1" ind2="4" tag="245"><subfield code="a">The lead belt news.</subfield></datafield><datafield ind1=" " ind2=" " tag="260"><subfield code="a">Flat River, St. Francois County, Mo. :</subfield><subfield code="b">News-Sun Print. &amp; Pub. Co.,</subfield><subfield code="c">1926-1986.</subfield></datafield><datafield ind1=" " ind2=" " tag="300"><subfield code="a">v.</subfield></datafield><datafield ind1=" " ind2=" " tag="310"><subfield code="a">Weekly</subfield></datafield><datafield ind1="0" ind2=" " tag="362"><subfield code="a">Vol. 18, no. 3 (Aug. 6, 1926)-v. 87, no. 38 (Feb. 27, 1986).</subfield></datafield><datafield ind1=" " ind2=" " tag="515"><subfield code="a">Continues duplicate numbering of preceding title: Vol. 18, no. 3 (Aug. 6, 1926)-v. 33, no. 1 (Dec. 26, 1941).</subfield></datafield><datafield ind1=" " ind2=" " tag="752"><subfield code="a">United States</subfield><subfield code="b">Missouri</subfield><subfield code="c">Saint Francois</subfield><subfield code="d">Flat River.</subfield></datafield><datafield ind1="0" ind2="0" tag="780"><subfield code="t">Lead belt news and the Desloge sun</subfield><subfield code="w">(DLC)sn 89066992</subfield></datafield><datafield ind1="0" ind2="4" tag="785"><subfield code="t">Press-advertiser (Farmington, Mo.)</subfield><subfield code="w">(DLC)sn 89067001</subfield></datafield></record>